% BibTex file for the chapter on "Reverse Engineering Variability form Natural Language Requirements)

@String{JSS="Journal of Systems and Software"}

@article{VidyaSagarA14,
author = {Vidya Sagar, Vidhu Bhala R and Abirami, S.},
journal = JSS,
pages = {25-41},
publisher = {Elsevier},
title = {{Conceptual Modeling of Natural Language Functional Requirements}},
volume = {88},
year = {2014}
}